<record><leader>00000cas a22000007a 4500</leader><controlfield tag="001">24647355</controlfield><controlfield tag="008">911030d18751922iluwr ne      0    0eng d</controlfield><controlfield tag="009">11088</controlfield><datafield ind1=" " ind2=" " tag="010"><subfield code="a">sn 91054735 </subfield></datafield><datafield ind1=" " ind2=" " tag="040"><subfield code="a">NVF</subfield><subfield code="b">eng</subfield><subfield code="c">NVF</subfield><subfield code="d">DLC</subfield><subfield code="d">OCL</subfield><subfield code="d">NVF</subfield></datafield><datafield ind1=" " ind2=" " tag="019"><subfield code="a">13483973</subfield></datafield><datafield ind1="1" ind2=" " tag="029"><subfield code="a">AU@</subfield><subfield code="b">000020738496</subfield></datafield><datafield ind1=" " ind2=" " tag="042"><subfield code="a">msc</subfield></datafield><datafield ind1=" " ind2=" " tag="043"><subfield code="a">n-us-il</subfield></datafield><datafield ind1="0" ind2="4" tag="245"><subfield code="a">The Virginia enquirer.</subfield></datafield><datafield ind1=" " ind2=" " tag="260"><subfield code="a">Virginia, Ill. :</subfield><subfield code="b">J.H. Reemtsen &amp; Co.,</subfield><subfield code="c">1875-1922.</subfield></datafield><datafield ind1=" " ind2=" " tag="300"><subfield code="a">v.</subfield></datafield><datafield ind1=" " ind2=" " tag="310"><subfield code="a">Weekly</subfield></datafield><datafield ind1="0" ind2=" " tag="362"><subfield code="a">Vol. 1, no. 1 (July 10, 1875)-May 24, 1922.</subfield></datafield><datafield ind1=" " ind2=" " tag="515"><subfield code="a">Preceded by an "Extra" dated June 26, 1875.</subfield></datafield><datafield ind1=" " ind2="4" tag="651"><subfield code="a">Virginia (Ill.)</subfield><subfield code="v">Newspapers.</subfield></datafield><datafield ind1=" " ind2=" " tag="752"><subfield code="a">United States</subfield><subfield code="b">Illinois</subfield><subfield code="c">Cass</subfield><subfield code="d">Virginia.</subfield></datafield><datafield ind1="0" ind2="0" tag="785"><subfield code="t">Arenzville enquirer</subfield><subfield code="w">(DLC)sn 91054736</subfield><subfield code="w">(OCoLC)24647390</subfield></datafield></record>